@online{wiki_properties,
    author    = "Wikipedia",
    title     = "Property (programming)",
    url       = "https://en.wikipedia.org/wiki/Property_(programming)",
    keywords  = "property, properties, wikipedia"
}

@online{qt_properties,
    author    = "Qt_documentation",
    title     = "Properties",
    url       = "http://doc.qt.io/qt-5/properties.html",
    keywords  = "property, properties, qt"
}

@online{cx_properties,
    author    = "C++_CX_documentation",
    title     = "Properties",
    url       = "https://docs.microsoft.com/en-us/cpp/cppcx/properties-c-cx",
    keywords  = "property, properties, c++cx"
}
